@acoular{acoular,
  author = {Acoular},
  title = {Strona internetowa biblioteki Acoular},
  year = {2025},
  url = {https://www.acoular.org},
  note = {Dostęp: 16 czerwca 2025}
}

@numpy{numpy,
  author = {NumPy},
  title = {Strona internetowa biblioteki NumPy},
  year = {2025},
  url = {https://numpy.org},
  note = {Dostęp: 16 czerwca 2025}
}

@scipy{scipy,
  author = {SciPy},
  title = {Strona internetowa biblioteki SciPy},
  year = {2025},
  url = {https://scipy.org},
  note = {Dostęp: 16 czerwca 2025}
}

@matplotlib{matplotlib,
  author = {Matplotlib},
  title = {Strona internetowa biblioteki Matplotlib},
  year = {2025},
  url = {https://matplotlib.org},
  note = {Dostęp: 16 czerwca 2025}
}

@labeler{labeler,
  author = {Matlab},
  title = {Strona internetowa Ground Truth Labeler},
  year = {2025},
  url = {https://www.mathworks.com/help/driving/ref/groundtruthlabeler-app.html},
  note = {Dostęp: 16 czerwca 2025}
}

@audacity{audacity,
  author = {Audacity},
  title = {Strona internetowa Audacity},
  year = {2025},
  url = {https://www.audacityteam.org},
  note = {Dostęp: 16 czerwca 2025}
}

@intel{intel,
  author = {Intel},
  title = {Specyfikacja procesora i5-9300H},
  year = {2025},
  url = {https://www.intel.com/content/www/us/en/products/sku/191075/intel-core-i59300h-processor-8m-cache-up-to-4-10-ghz/specifications.html},
  note = {Dostęp: 16 czerwca 2025}
}

@ffmeg{ffmpeg,
  author = {Ffmpeg},
  title = {Strone projektu ffmpeg},
  year = {2025},
  url = {https://ffmpeg.org},
  note = {Dostęp: 16 czerwca 2025}
}